<record><leader>00000cas a2200000 a 4500</leader><controlfield tag="001">41438121</controlfield><controlfield tag="008">990526d19371937oruwr ne      0    0eng c</controlfield><datafield ind1=" " ind2=" " tag="010"><subfield code="a">sn 99063843 </subfield></datafield><datafield ind1=" " ind2=" " tag="040"><subfield code="a">OCN</subfield><subfield code="b">eng</subfield><subfield code="c">OCN</subfield><subfield code="d">OCLCQ</subfield><subfield code="d">OCLCF</subfield><subfield code="d">OCLCO</subfield></datafield><datafield ind1="1" ind2=" " tag="029"><subfield code="a">AU@</subfield><subfield code="b">000020230331</subfield></datafield><datafield ind1=" " ind2=" " tag="042"><subfield code="a">pcc</subfield></datafield><datafield ind1=" " ind2=" " tag="043"><subfield code="a">n-us-or</subfield></datafield><datafield ind1="0" ind2=" " tag="130"><subfield code="a">Coast guard (Lincoln City, Or. : 1937)</subfield></datafield><datafield ind1="1" ind2="0" tag="245"><subfield code="a">Coast guard.</subfield></datafield><datafield ind1="1" ind2="7" tag="246"><subfield code="a">North coast guard</subfield></datafield><datafield ind1=" " ind2=" " tag="260"><subfield code="a">Nelscott, Lincoln County, Or. :</subfield><subfield code="b">H.A. Veatch,</subfield><subfield code="c">1937.</subfield></datafield><datafield ind1=" " ind2=" " tag="300"><subfield code="a">v.</subfield></datafield><datafield ind1=" " ind2=" " tag="310"><subfield code="a">Weekly</subfield></datafield><datafield ind1="0" ind2=" " tag="362"><subfield code="a">Vol. 6, no. 13 (July 8, 1937)-v. 6, no. 27 (Oct. 14, 1937).</subfield></datafield><datafield ind1=" " ind2=" " tag="530"><subfield code="a">Also issued on microfilm from University of Oregon.</subfield></datafield><datafield ind1=" " ind2="0" tag="651"><subfield code="a">Lincoln City (Or.)</subfield><subfield code="v">Newspapers.</subfield></datafield><datafield ind1=" " ind2="7" tag="655"><subfield code="a">Newspapers.</subfield><subfield code="2">fast</subfield><subfield code="0">(OCoLC)fst01423814</subfield></datafield><datafield ind1=" " ind2="7" tag="651"><subfield code="a">Oregon</subfield><subfield code="z">Lincoln City.</subfield><subfield code="2">fast</subfield><subfield code="0">(OCoLC)fst01226330</subfield></datafield><datafield ind1=" " ind2=" " tag="752"><subfield code="a">United States</subfield><subfield code="b">Oregon</subfield><subfield code="c">Lincoln</subfield><subfield code="d">Lincoln City.</subfield></datafield><datafield ind1="0" ind2="0" tag="780"><subfield code="t">North Lincoln coast guard</subfield><subfield code="w">(DLC)sn 99063842</subfield></datafield><datafield ind1="0" ind2="0" tag="785"><subfield code="t">Lincoln coast guard</subfield><subfield code="w">(DLC)sn 99063844</subfield></datafield></record>